@article{petre1995looking,
  title={Why looking isn't always seeing: readership skills and graphical programming},
  author={Petre, Marian},
  journal={Communications of the ACM},
  volume={38},
  number={6},
  pages={33--44},
  year={1995},
  publisher={ACM}
}

@ARTICLE{bowman:reasoning,
	AUTHOR = "Mic Bowman and Saumya K. Debray and Larry L. Peterson",
	TITLE = "Reasoning About Naming Systems",
	JOURNAL = "ACM Trans. Program. Lang. Syst.",
	VOLUME = {15},
	NUMBER = {5},
	PAGES = {795-825},
	MONTH = "November",
	YEAR = {1993}	}

@ARTICLE{braams:babel,
	AUTHOR = "Johannes Braams",
	TITLE = "Babel, a Multilingual Style-Option System for Use with LaTeX's Standard Document Styles",
	JOURNAL = {TUGboat},
	VOLUME = {12},
	NUMBER = {2},
	PAGES = {291-301},
	MONTH = "June",
	YEAR = {1991}	}

@INPROCEEDINGS{clark:pct,
	AUTHOR = "Malcolm Clark",
	TITLE = "Post Congress Tristesse",
	BOOKTITLE = "TeX90 Conference Proceedings",
	PAGES = "84-89",
	ORGANIZATION = "TeX Users Group",
	MONTH = "March", 
	YEAR = {1991}	}

@ARTICLE{herlihy:methodology,
	AUTHOR = "Maurice Herlihy",
	TITLE = "A Methodology for Implementing Highly Concurrent
	Data Objects",
	JOURNAL = {ACM Trans. Program. Lang. Syst.},
	VOLUME = {15},
	NUMBER = {5},
	PAGES = {745-770},
	MONTH = "November",
	YEAR = {1993}	}

@BOOK{Lamport:LaTeX,
	AUTHOR = "Leslie Lamport",
	TITLE = "LaTeX User's Guide and Document Reference Manual",
	PUBLISHER = "Addison-Wesley Publishing Company",
	ADDRESS = "Reading, Massachusetts",
	YEAR = "1986"	}

@BOOK{salas:calculus,
	AUTHOR = "S.L. Salas and Einar Hille",
	TITLE = "Calculus: One and Several Variable",
	PUBLISHER = "John Wiley and Sons",
	ADDRESS = "New York",
	YEAR = "1978"	}


@article{lanza2003polymetric,
  title={Polymetric views-a lightweight visual approach to reverse engineering},
  author={Lanza, Michele and Ducasse, St{\'e}phane},
  journal={IEEE Transactions on Software Engineering},
  volume={29},
  number={9},
  pages={782--795},
  year={2003},
  publisher={IEEE}
}

@article{lanza2003object,
  title={Object-Oriented Reverse Engineering Coarse-grained, Fine-grained, and Evolutionary Software Visualization},
  author={Lanza, Michele},
  year={2003},
  publisher={Citeseer}
}

@book{stasko1998software,
  title={Software visualization: Programming as a multimedia experience},
  author={Stasko, John},
  year={1998},
  publisher={MIT press}
}

@book{fenton2014software,
  title={Software metrics: a rigorous and practical approach},
  author={Fenton, Norman and Bieman, James},
  year={2014},
  publisher={CRC Press}
}

@article{storey1999cognitive,
  title={Cognitive design elements to support the construction of a mental model during software exploration},
  author={Storey, M-AD and Fracchia, F David and M{\"u}ller, Hausi A},
  journal={Journal of Systems and Software},
  volume={44},
  number={3},
  pages={171--185},
  year={1999},
  publisher={Elsevier}
}

@inproceedings{kim2012field,
  title={A field study of refactoring challenges and benefits},
  author={Kim, Miryung and Zimmermann, Thomas and Nagappan, Nachiappan},
  booktitle={Proceedings of the ACM SIGSOFT 20th International Symposium on the Foundations of Software Engineering},
  pages={50},
  year={2012},
  organization={ACM}
}

@inproceedings{wettel2008codecity,
  title={Codecity: 3d visualization of large-scale software},
  author={Wettel, Richard and Lanza, Michele},
  booktitle={Companion of the 30th international conference on Software engineering},
  pages={921--922},
  year={2008},
  organization={ACM}
}

@inproceedings{lanza2005codecrawler,
  title={Codecrawler-an information visualization tool for program comprehension},
  author={Lanza, Michele and Ducasse, St{\'e}phane and Gall, Harald and Pinzger, Martin},
  booktitle={Software Engineering, 2005. ICSE 2005. Proceedings. 27th International Conference on},
  pages={672--673},
  year={2005},
  organization={IEEE}
}


@article{ndn,
  title={Named data networking (ndn) project},
  author={Zhang, Lixia and Estrin, Deborah and Burke, Jeffrey and Jacobson, Van and Thornton, James D and Smetters, Diana K and Zhang, Beichuan and Tsudik, Gene and Massey, Dan and Papadopoulos, Christos and others},
  journal={Relat{\'o}rio T{\'e}cnico NDN-0001, Xerox Palo Alto Research Center-PARC},
  year={2010},
  publisher={Citeseer}
}






@article{caserta2011visualization,
  title={Visualization of the static aspects of software: A survey},
  author={Caserta, Pierre and Zendra, Olivier},
  journal={IEEE transactions on visualization and computer graphics},
  volume={17},
  number={7},
  pages={913--933},
  year={2011},
  publisher={IEEE}
}

@article{eick1992seesoft,
  title={Seesoft-a tool for visualizing line oriented software statistics},
  author={Eick, SC and Steffen, Joseph L and Sumner, Eric E},
  journal={IEEE Transactions on Software Engineering},
  volume={18},
  number={11},
  pages={957--968},
  year={1992},
  publisher={IEEE}
}

@inproceedings{maletic2003source,
  title={Source viewer 3D (sv3D): a framework for software visualization},
  author={Maletic, Jonathan I and Marcus, Andrian and Feng, Louis},
  booktitle={Proceedings of the 25th International Conference on Software Engineering},
  pages={812--813},
  year={2003},
  organization={IEEE Computer Society}
}